% This file was created with JabRef 2.9.2.
% Encoding: Cp1252

@BOOK{,
  title = {The Everything Guide to Mobile Apps: A Practical Guide to Affordable
	Mobile App Development for Your Business},
  publisher = {Everything Books},
  year = {2013},
  author = {Peggy Anne Salz, Jennifer Moranz},
  owner = {gustavo.charnet},
  timestamp = {2013.06.27}
}

@comment{jabref-meta: selector_review:}

@comment{jabref-meta: selector_publisher:}

@comment{jabref-meta: selector_author:}

@comment{jabref-meta: selector_journal:}

@comment{jabref-meta: selector_keywords:}

