% This file was created with JabRef 2.8.
% Encoding: Cp1252

@MISC{wadaecarneiro,
  author = {Elizabeth Kyoko Wada, Natalie Arruda Carneiro},
  title = {As necessidades da gera\c{c}{~a}o Y no cen{\'a}rio de eventos empresariais},
  year = {2010},
  owner = {epbsantos},
  url = {http://www.eumed.net/ce/2010a/kwac.zip},
  urlaccessdate = {30/04/2013}
}

@BOOK{william2003,
  title = {Neuromancer},
  publisher = {Aleph},
  year = {2003},
  author = {William Gibson},
  owner = {gustavo.charnet},
  timestamp = {2013.06.27}
}

@BOOK{matt2012,
  title = {PhoneGap Mobile Application Development Guidebook},
  publisher = {Packt Publishing Ltd},
  year = {2012},
  author = {Matt Gifford},
  owner = {gustavo.charnet},
  timestamp = {2013.06.27}
}

@MISC{borges2013,
  author = {Igor Tavares Borges, Glauber Carvalho Nobre, Patrik Felipe Nazario,
	Jo\~{a}o Otac\'{i}lio Libardoni dos Santos},
  title = {Caracteriza\c{c}\~{a}o dos sistemas de treinamento em muscula\c{c}\~{a}o
	utilizados pelos profissionais em academias.},
  year = {2012},
  owner = {epbsantos},
  timestamp = {2013.08.15},
  url = {http://www.efdeportes.com/efd149/sistemas-de-treinamento-em-musculacao.htm}
}

@MISC{lambert,
  author = {Philip Lambert},
  title = {Educa\c{c}{\~a}o f{\'i}sica: muscula\c{c}{\~a}o},
  owner = {epbsantos},
  url = {http://www.bellaformaacademia.com/paginas/index/aulas},
  urlaccessdate = {02/05/2013}
}

@BOOK{levy1999,
  title = {Cibercultura},
  publisher = {Editora 34},
  year = {1999},
  author = {Pierre Levy},
  owner = {gustavo.charnet},
  timestamp = {2013.06.27}
}

@BOOK{peggy2013,
  title = {The Everything Guide to Mobile Apps: A Practical Guide to Affordable
	Mobile App Development for Your Business},
  publisher = {Everything Books},
  year = {2013},
  author = {Peggy Anne Salz, Jennifer Moranz},
  owner = {gustavo.charnet},
  timestamp = {2013.06.27}
}

@MISC{daniela,
  author = {Daniela Perri},
  title = {Autoria em EaD: O que {\'e} um bom curso em EaD?},
  month = {Dezembro},
  year = {2011},
  owner = {gustavo.charnet},
  timestamp = {2013.06.27},
  url = {http://www.icapro.com.br/blog/Autoria-em-EaD-O-que-%C3%A9-um-bom-curso-em-EaD-Pt-3},
  urlaccessdate = {02/05/2013}
}

@BOOK{fabio1999,
  title = {Elementos de Inicia\c{c}{\~a}o {\`a} Pesquisa},
  publisher = {Nova Era},
  year = {1999},
  author = {F{\'a}bio Jos{\'e} Rauen},
  owner = {epbsantos},
  timestamp = {27.06.2013}
}

@ARTICLE{claudia2009,
  author = {Claudia Renata Cardoso Rothmann and Lucas Porto Santos and Guilherme
	dos Santos Torres and Juliana Yuri Kanefuku and 
	
	Fernanda Prestes de Assis and Adriano Donin Neto},
  title = {Estimativa da força máxima baseada na massa corporal de indiv\'{i}duos
	n\~{a}o-treinados em muscula\c{c}\~{a}o},
  journal = {Sal\~{a}o de Inicia\c{c}\~{a}o Cient\'{i}fica - UFRGS, Porto Alegre,
	RS},
  year = {2009},
  volume = {21},
  pages = {19-23},
  owner = {epbsantos},
  timestamp = {12.09.2013}
}

@BOOK{salz2013everything,
  title = {The Everything Guide to Mobile Apps: A Practical Guide to Affordable
	Mobile App Development for Your Business},
  publisher = {Adams Media},
  year = {2013},
  author = {Salz, P.A. and Moranz, J.},
  series = {Everything (Business \& Personal Finance)},
  isbn = {9781440555336},
  url = {http://books.google.com.br/books?id=LnyFem0SVDMC}
}

@BOOK{douglas2008,
  title = {Fitness \& performance journal},
  publisher = {ISSN 1519-9088},
  year = {2008},
  author = {Douglas Costa dos Santos and Ivan Carlos Moura Moraes and Fabiano
	Mello and Karla Janete Nascimento de Oliveira and Francisco Oliveira
	Carvalho J\'{u}nior and Marcelo Guimar\~{a}es},
  owner = {epbsantos},
  timestamp = {12.09.2013}
}

@BOOK{antonio2003,
  title = {Metodologia da pesquisa aplicada {\`a} contabilidade},
  publisher = {Altas},
  year = {2003},
  editor = {S{\~a}o Paulo},
  author = {Antonio Carlos Ribeiro da Silva},
  owner = {epbsantos},
  timestamp = {27.06.2013}
}

@MISC{santana,
  author = {Peri da Silva Santana and Janice Natera Gon\c{c}alves Gazola},
  title = {Gest{\~a}o, comportamento da gera\c{c}{\~a}o Y. In: Semin{\'a}rios
	de Administra\c{c}{\~a}o},
  month = {Setembro},
  year = {2010},
  owner = {gustavo.charnet},
  timestamp = {2013.06.27},
  url = {http://www.ead.fea.usp.br/semead/13semead/resultado/trabalhosPDF/995.pdf},
  urlaccessdate = {30/04/2013}
}

@MISC{anatel,
  author = {Ag{\^e}ncia Nacional de Telecomunica\c{c}{\~o}es},
  title = {Celulares no Brasil},
  owner = {gustavo.charnet},
  timestamp = {2013.06.27},
  url = {http://www.anatel.gov.br/Portal/exibirPortalInternet.do},
  urlaccessdate = {30/04/2013}
}

@comment{jabref-meta: selector_review:}

@comment{jabref-meta: selector_publisher:}

@comment{jabref-meta: selector_author:}

@comment{jabref-meta: selector_journal:}

@comment{jabref-meta: selector_keywords:}

